% Encoding: UTF-8

@Article{suppinfo,
  author  = {Lambert LOYE MONDJO},
  title   = {CYCLE DE VIE D'UN LOGICIEL},
  journal = {SUPINFO},
  year    = {Le 24 avril 2019, 09h19min},
}

@Book{kolyang,
  title     = {Introduction au génie logiciel},
  publisher = {Université de Ngaoundéré, Cameroun},
  year      = {2006},
  author    = {Dr.-Ing. Kolyang},
  editor    = {Kolyang et Ka’arang : Editions et Média},
}

@Misc{SMSSEC,
  author       = {Guillaume Jere, Lagny Blanche},
  title        = {Rapport du TER: SMS sécurisé Smart-Phones},
  howpublished = {UNIVERSITÉ DE VERSAILLES},
  year         = {23 Mai 2012},
}

@MastersThesis{tatiana,
  author = {GADJOU SOH TATIANA MERVEILLE},
  title  = {CONCEPTION ET REALISATION D'UN SYSTEME DE CONTROLE D'ACCES PAR AUTHENTIFICATION FORTE (CARTE A PUCE + MOT DE PASSE)},
  school = {Ecole Nationale Supérieure Polytechnique De Maroua},
  year   = {2018},
}

@Article{opensclass1,
  author  = {CARINA ROELS},
  title   = {Débutez l'analyse logicielle avec UML : Les différents types de diagrammes},
  journal = {OpenClassrooms},
  year    = {24/04/2019},
}

@Article{valprobante,
  author  = {Muhammad Gamil Khalaf Alla},
  title   = {La valeur probante de la signature électronique},
  journal = {Université Du Caire - Magistaire de l'IDAI},
  year    = {2002},
}

@Comment{jabref-meta: databaseType:bibtex;}
